% This file was created with JabRef 2.9.2.
% Encoding: UTF8


@book{faraway2005extending,
  title={Extending the linear model with R: generalized linear, mixed effects and nonparametric regression models},
  author={Faraway, Julian J},
  year={2005},
  publisher={CRC press}
}

@inproceedings{he2008activity,
  title={Activity recognition from acceleration data using AR model representation and SVM},
  author={He, Zhen-Yu and Jin, Lian-Wen},
  booktitle={Machine Learning and Cybernetics, 2008 International Conference on},
  volume={4},
  pages={2245--2250},
  year={2008},
  organization={IEEE}
}

@book{ortiz2015smartphone,
  title={Smartphone-based human activity recognition},
  author={Ortiz, Jorge Luis Reyes},
  year={2015},
  publisher={Springer}
}

@article{lara2013survey,
  title={A survey on human activity recognition using wearable sensors},
  author={Lara, Oscar D and Labrador, Miguel A},
  journal={Communications Surveys \& Tutorials, IEEE},
  volume={15},
  number={3},
  pages={1192--1209},
  year={2013},
  publisher={IEEE}
}

@inproceedings{hamalainen2011jerk,
  title={Jerk-based feature extraction for robust activity recognition from acceleration data},
  author={H{\"a}m{\"a}l{\"a}inen, Wilhelmiina and J{\"a}rvinen, Mikko and Martiskainen, Paula and Mononen, Jaakko},
  booktitle={Intelligent Systems Design and Applications (ISDA), 2011 11th International Conference on},
  pages={831--836},
  year={2011},
  organization={IEEE}
}

@article{bayat2014study,
  title={A study on human activity recognition using accelerometer data from smartphones},
  author={Bayat, Akram and Pomplun, Marc and Tran, Duc A},
  journal={Procedia Computer Science},
  volume={34},
  pages={450--457},
  year={2014},
  publisher={Elsevier}
}
@article{wuhuman,
  title={Human Activity Recognition using Wearable Devices Sensor Data},
  author={Wu, Zhongyan and Zhang, Shutong and Zhang, Chenying}
}

@article{kwapisz2011activity,
  title={Activity recognition using cell phone accelerometers},
  author={Kwapisz, Jennifer R and Weiss, Gary M and Moore, Samuel A},
  journal={ACM SigKDD Explorations Newsletter},
  volume={12},
  number={2},
  pages={74--82},
  year={2011},
  publisher={ACM}
}

@comment{jabref-meta: selector_keywords:}

@comment{jabref-meta: selector_journal:}

@comment{jabref-meta: selector_publisher:}

@comment{jabref-meta: selector_author:}

@comment{jabref-meta: selector_review:}

